@ARTICLE{Smith:2013jd,
	author = {Pegah Kassraian-Fard et alii},
	title = {``Promises, Pitfalls, and Basic Guidelines for Applying Machine Learning Classifiers to Psychiatric Imaging Data, with Autism as an Example''},
	journal = {Frontiers in Psychiatry},
	year = {2016},
	volume = {7}
}